<collection xmlns="http://www.loc.gov/MARC21/slim"><record><leader>00627nam  2200193   450</leader><controlfield tag="001">613</controlfield><controlfield tag="003">http://montalegre.opacnet.com/OPAC/default.aspx?ContentAreaControl=ShowRegHoldings.ascx&amp;RegNo=16662</controlfield><datafield tag="100" ind1=" " ind2=" "><subfield code="a">19881116d1981    a  y0pora010305  ba</subfield></datafield><datafield tag="101" ind1="0" ind2=" "><subfield code="a">por</subfield></datafield><datafield tag="102" ind1=" " ind2=" "><subfield code="a">PT</subfield></datafield><datafield tag="200" ind1="1" ind2=" "><subfield code="a">Joana Ana</subfield><subfield code="f">Matilde Rosa Araújo</subfield><subfield code="g">il. Maria Keil</subfield></datafield><datafield tag="210" ind1=" " ind2=" "><subfield code="a">Lisboa</subfield><subfield code="c">Horizonte</subfield><subfield code="d">cop. 1981</subfield></datafield><datafield tag="215" ind1=" " ind2=" "><subfield code="a">31 p.</subfield><subfield code="c">il.</subfield></datafield><datafield tag="225" ind1="2" ind2=" "><subfield code="a">Pássaro livre</subfield><subfield code="v">23</subfield></datafield><datafield tag="675" ind1=" " ind2=" "><subfield code="a">82(024.7)</subfield><subfield code="v">med</subfield><subfield code="z">fre</subfield></datafield><datafield tag="700" ind1=" " ind2="1"><subfield code="a">Araújo</subfield><subfield code="b">Matilde Rosa</subfield><subfield code="f">1921-</subfield></datafield><datafield tag="702" ind1=" " ind2="1"><subfield code="a">Keil</subfield><subfield code="b">Maria</subfield><subfield code="f">1914-</subfield><subfield code="4">440</subfield></datafield><datafield tag="801" ind1=" " ind2="0"><subfield code="a">PT</subfield><subfield code="b">Biblioteca Municipal de Montalegre</subfield><subfield code="g">RPC</subfield></datafield><datafield tag="856" ind1=" " ind2=" "><subfield code="u">locateMedia.asp?cod=20060522161148&amp;ext=jpg</subfield><subfield code="z">CAPA</subfield></datafield><datafield tag="909" ind1="&#9;" ind2=" "><subfield code="a">1</subfield></datafield><datafield tag="966" ind1=" " ind2=" "><subfield code="a">0001657</subfield><subfield code="l">BMM</subfield><subfield code="s">SI 82-34 ARA joa 23</subfield></datafield></record></collection>